@manual{anleitung,
	author = {{A. Zwerger, S. Winkelmann, M. Köhli}},
	title = {Versuchsanleitung Fortgeschrittenen-Praktikum Teil I - Der Mößbauer-Effekt},
	date = {2012}
}

@book{jakobs,
	author = {Prof. K. Jakobs},
	title = {Experimentalphysik V - Kern- ud Teilchenphysik},
	date = {2015},
}
@book{morris,
	author = {Gary Morris},
	title = {Lecture Notes - Statistical Physics },
	date = {2013},
	url = {http://chate.phys.unsw.edu.au/~garymorriss/PHYS3020.html},
}
@online{PM,
	author = {DESY},
	title = {Praktikum im DESY Zeuthen},
	date = {2017},
	url = {https://www-zeuthen.desy.de/exps/physik_begreifen/chris/Photomultiplier.html},
}
@thesis{szinti,
	author = {Tobias Kotyk},
	title = {Versuche zur Radioaktivität im Physikalischen Fortgeschrittenen Praktikum an der Albert-Ludwigs-Universität Freiburg},
	type = {Staatsexamensarbeit},
	institution = {Institut für Mathematik und Physik, Albert-Ludwigs-Universität Freiburg},
	date = {2011},
}
@book{demtröder,
	title={Experimentalphysik 4},
	author={Demtr{\"o}der, W.},
	isbn={9783642015984},
	series={Experimentalphysik / Wolfgang Demtr{\"o}der},
	url={https://books.google.de/books?id=50xTorK8Zx8C},
	year={2009},
	publisher={Springer Berlin Heidelberg}
}

@book{hyper,
	author = {T. Mayer-Kuckuk},
	title = {Kernphysik},
	date = {1994},
	edition = {6},
	publisher = {Teubner-Verlag},
	location = {Stuttgart},
}

